
@book{1,
    author    =  {D. K. Ferry, S. M. Goodnick and J. P. Bird},
    title     =  {Transport in Nanostructures},
    publisher =  {Cambridge},
    edition  =  {2nd},
    year      =  {2010},
 
}

@article{2,
    author    =  {M. Pepper and J. Bird},
    title     =  {The 0.7 feature and interactions in one-dimentional systems},
    journal   =  {J. Phys.: Cond. Matter 20},
    
    number   =  {16},
    
    year      =  {2008},

    note     =  {Special issue and references therein},
}

@article{3,
    author    =  {T.-M. Chen, A.C. Graham, M. Pepper, I. Farrer, D. A. Ritchie, and M. Y. Simmons},
    title     =  {Bias-controlled spin polarization in quantum wires},
    journal   =  {Appl. Phys. Lett.},
    volume   =  {93},
    number   = {032102},
 
    year      =  {2008},
    
}

@article{4,
    author    =  {H. Lind, I. I. Yakimenko, and K.-F. Berggren},
    title     =  {Electric-field control of magnetization in biased semiconductor quantum wires and point contacts},
    journal   =  {Phys. Rev. B},
    volume   =  {83},
    number   =  {075308},
 
    year      =  {2011},

}

@article{5,
    author    =  {I. I. Yakimenko, V. S. Tsykunov and K.-F. Berggren},
    title     =  {Bound states, electron localization and spin correlations in low-dimensional GaAs/AlGaAs quantum constrictions},
    journal   =  {J. Phys. Condens. Matter},
    volume   =  {25},
    number   =  {072201},
   
    year      =  {2013},
  
}





